<?xml version="1.0" encoding="UTF-8"?>
<record xmlns="http://www.loc.gov/MARC21/slim">
   <leader>02212cam a2200481 a 4500</leader>
   <controlfield tag="001">110723</controlfield>
   <controlfield tag="003">NjP</controlfield>
   <controlfield tag="005">20171004103227.0</controlfield>
   <controlfield tag="008">821207s1978    ir            000 0 ara d</controlfield>
   <datafield tag="024" ind1="7" ind2=" ">
      <subfield code="a">princeton_aco003522</subfield>
      <subfield code="2">local</subfield>
   </datafield>
   <datafield ind1=" " ind2=" " tag="035">
      <subfield code="a">(OCoLC)ocn175382376</subfield>
   </datafield>
   <datafield ind1=" " ind2=" " tag="035">
      <subfield code="a">(OCoLC)17455380</subfield>
   </datafield>
   <datafield ind1=" " ind2=" " tag="040">
      <subfield code="a">NjP</subfield>
      <subfield code="c">PUL</subfield>
      <subfield code="d">PUL</subfield>
   </datafield>
   <datafield ind1=" " ind2=" " tag="066">
      <subfield code="c">(3</subfield>
   </datafield>
   <datafield ind1=" " ind2=" " tag="035">
      <subfield code="a">(OCoLC)175382376</subfield>
   </datafield>
   <datafield ind1=" " ind2=" " tag="035">
      <subfield code="a">(CStRLIN)NJPG82-B52475</subfield>
   </datafield>
   <datafield ind1=" " ind2=" " tag="035">
      <subfield code="9">AAS5416TS</subfield>
   </datafield>
   <datafield ind1=" " ind2=" " tag="035">
      <subfield code="a">(NjP)110723</subfield>
   </datafield>
   <datafield ind1=" " ind2=" " tag="041">
      <subfield code="a">ara</subfield>
      <subfield code="h">gre</subfield>
   </datafield>
   <datafield ind1=" " ind2=" " tag="079">
      <subfield code="a">ocm17455380</subfield>
   </datafield>
   <datafield ind1=" " ind2=" " tag="049">
      <subfield code="a">PULL</subfield>
   </datafield>
   <datafield ind1="0" ind2=" " tag="100">
      <subfield code="a">Plotinus.</subfield>
   </datafield>
   <datafield ind1="1" ind2="0" tag="240">
      <subfield code="a">Enneads.</subfield>
      <subfield code="l">Arabic</subfield>
   </datafield>
   <datafield ind1="1" ind2="0" tag="245">
      <subfield code="6">880-01</subfield>
      <subfield code="a">Uthūlūjiyā /</subfield>
      <subfield code="c">taʼlīf faylasūf aʻẓam Aflūṭīn maʻrūf bih shaykh Yunānī ; tarjamat Ibn Nāʻimah Ḥimṣī ; bā-taʻlīqāt-i Qāḍī Saʻīd Qummī ; bā-muqaddimah-i wa-taṣḥīḥ-i Sayyid Jalāl al-Dīn Āshtiyānī.</subfield>
   </datafield>
   <datafield ind1=" " ind2=" " tag="260">
      <subfield code="a">[Tehran :</subfield>
      <subfield code="b">Imperial Iranian Academy,</subfield>
      <subfield code="c">1978]</subfield>
   </datafield>
   <datafield ind1=" " ind2=" " tag="300">
      <subfield code="a">47, 216, 12 p. :</subfield>
      <subfield code="c">25 cm.</subfield>
   </datafield>
   <datafield ind1=" " ind2=" " tag="500">
      <subfield code="a">Title on p. [4] of cover : Enneads ("Theology").</subfield>
   </datafield>
   <datafield ind1=" " ind2=" " tag="500">
      <subfield code="a">Date on p. [4] of cover: 1976.</subfield>
   </datafield>
   <datafield ind1=" " ind2=" " tag="500">
      <subfield code="a">Translation of : Enneads.</subfield>
   </datafield>
   <datafield ind1=" " ind2=" " tag="500">
      <subfield code="a">Introduction and notes in Persian.</subfield>
   </datafield>
   <datafield ind1=" " ind2="0" tag="650">
      <subfield code="a">Theology</subfield>
      <subfield code="v">Early works to 1800.</subfield>
      <subfield code="0">http://id.loc.gov/authorities/subjects/sh93009683</subfield>
   </datafield>
   <datafield ind1=" " ind2="0" tag="650">
      <subfield code="a">Philosophy</subfield>
      <subfield code="v">Early works to 1800.</subfield>
      <subfield code="0">http://id.loc.gov/authorities/subjects/sh2008109238</subfield>
   </datafield>
   <datafield ind1="0" ind2=" " tag="700">
      <subfield code="6">880-02</subfield>
      <subfield code="a">Ibn Nāʻimah al-Ḥimṣī.</subfield>
      <subfield code="e">author.</subfield>
   </datafield>
   <datafield ind1="0" ind2=" " tag="700">
      <subfield code="6">880-03</subfield>
      <subfield code="a">Qāḍī Saʻīd Qummī,</subfield>
      <subfield code="e">editor.</subfield>
   </datafield>
   <datafield ind1="1" ind2=" " tag="700">
      <subfield code="6">880-04</subfield>
      <subfield code="a">Āshtiyānī, Jalāl al-Dīn,</subfield>
      <subfield code="e">editor.</subfield>
   </datafield>
   <datafield ind1="1" ind2="0" tag="880">
      <subfield code="6">245-01/(3/r</subfield>
      <subfield code="a">اثولوجيا /</subfield>
      <subfield code="c">تأليف فيلسوف اعظم افلوطين معروف به شيخ يناني ؛ ترجمة ابن ناعمة حمصي ؛ باتعليقات قاضي سعيد قمي ؛ بامقدمها وتصحيحا سيد جلال الدين آشتياني.</subfield>
   </datafield>
   <datafield ind1="0" ind2=" " tag="880">
      <subfield code="6">700-02/(3/r</subfield>
      <subfield code="a">ابن ناعمة الحمصي.</subfield>
      <subfield code="e">author.</subfield>
   </datafield>
   <datafield ind1="0" ind2=" " tag="880">
      <subfield code="6">700-03/(3/r</subfield>
      <subfield code="a">قاضي سعيد قمي،</subfield>
      <subfield code="e">editor.</subfield>
   </datafield>
   <datafield ind1="1" ind2=" " tag="880">
      <subfield code="6">700-04/(3/r</subfield>
      <subfield code="a">آشتياني، جلال الدين،</subfield>
      <subfield code="e">editor.</subfield>
   </datafield>
   <datafield ind1=" " ind2=" " tag="998">
      <subfield code="a">06/25/84</subfield>
      <subfield code="s">9114</subfield>
      <subfield code="n">NjP</subfield>
      <subfield code="w">NJPG82B52475</subfield>
      <subfield code="d">12/07/82</subfield>
      <subfield code="c">SSH</subfield>
      <subfield code="b">SD</subfield>
      <subfield code="i">840625</subfield>
      <subfield code="l">NJPG</subfield>
   </datafield>
   <datafield ind1=" " ind2=" " tag="948">
      <subfield code="a">AACR2</subfield>
   </datafield>
   <datafield ind1=" " ind2=" " tag="911">
      <subfield code="a">19921028</subfield>
   </datafield>
   <datafield ind1=" " ind2=" " tag="912">
      <subfield code="a">19951122040412.0</subfield>
   </datafield>
   <datafield ind1=" " ind2=" " tag="994">
      <subfield code="a">C0</subfield>
      <subfield code="b">PUL</subfield>
   </datafield>
   <datafield ind1=" " ind2=" " tag="999">
      <subfield code="a">110723</subfield>
   </datafield>
   <datafield ind1="0" ind2="0" tag="852">
      <subfield code="0">123680</subfield>
      <subfield code="b">rcppa</subfield>
      <subfield code="t">1</subfield>
      <subfield code="h">BX891</subfield>
      <subfield code="i">.P568124 1978</subfield>
      <subfield code="x">tr fr nec</subfield>
   </datafield>
   <datafield ind1=" " ind2=" " tag="959">
      <subfield code="a">2000-06-13 00:00:00 -0400</subfield>
   </datafield>
</record>
